@article{Felzenszwalb:2004:EGI:981793.981796,
 author = {Felzenszwalb, Pedro F. and Huttenlocher, Daniel P.},
 title = {Efficient Graph-Based Image Segmentation},
 journal = {Int. J. Comput. Vision},
 issue_date = {September 2004},
 volume = {59},
 number = {2},
 month = sep,
 year = {2004},
 issn = {0920-5691},
 pages = {167--181},
 numpages = {15},
 url = {https://doi.org/10.1023/B:VISI.0000022288.19776.77},
 doi = {10.1023/B:VISI.0000022288.19776.77},
 acmid = {981796},
 publisher = {Kluwer Academic Publishers},
 address = {Hingham, MA, USA},
 keywords = {clustering, graph algorithm, image segmentation, perceptual organization},
}