@article{DBLP:journals/corr/BorjiCJL14,
  author    = {Ali Borji and
               Ming{-}Ming Cheng and
               Huaizu Jiang and
               Jia Li},
  title     = {Salient Object Detection: {A} Survey},
  journal   = {CoRR},
  volume    = {abs/1411.5878},
  year      = {2014},
  url       = {http://arxiv.org/abs/1411.5878},
  archivePrefix = {arXiv},
  eprint    = {1411.5878},
  timestamp = {Mon, 13 Aug 2018 16:47:55 +0200},
  biburl    = {https://dblp.org/rec/bib/journals/corr/BorjiCJL14},
  bibsource = {dblp computer science bibliography, https://dblp.org}
}

